@online{apache,
	author = {Apache},
	title = {Apache License},
	date = { 2.0, January 2004},
	url = {https://www.apache.org/licenses/LICENSE-2.0.html},
}
@online{cotizacion,
	author = {Iberley},
	title = {Bases y tipos de cotización al Régimen General Seguridad Social para 2018 },
	date = {agosto 2018},
	url = {https://www.iberley.es/temas/bases-tipos-cotizacion-regimen-general-seguridad-social-2018-11041},
}
@thesis{jaime,
	author = {Jaime Sagüillo Revilla},
	title = {Sistema de reconocimieto automático en arqueobotánica},
	type = {type},
	institution = {Universidad de Burgos},
	date = {3 de julio de 2017},

@online{fun,
author = {Wikipedia},
title = {Requisitos Funcionales},
date = {marzo 2018},
url = {https://es.wikipedia.org/wiki/Requisito_funcional},
}

@online{nofun,
author = {Wikipedia},
title = {Requisitos no funcionales},
date = {septiembre 2018},
url = {https://es.wikipedia.org/wiki/Requisito_no_funcional},
}

@online{atributo,
author = {Wikipedia},
title = {List of system quality attributes},
date = {agosto 2018},
url = {https://en.wikipedia.org/wiki/List_of_system_quality_attributes},
}

@online{uml,
author = {Wikipedia},
title = {UML(Lenguaje de Modelado Unificado)},
date = {agosto 2018},
url = {https://es.wikipedia.org/wiki/Lenguaje_unificado_de_modelado},
}

@online{git,
author = {EdjeElectronic},
title = {How To Train an Object Detection Classifier for Multiple Objects Using TensorFlow (GPU) on Windows 10},
date = {agosto 2018},
url = {https://github.com/EdjeElectronics/TensorFlow-Object-Detection-API-Tutorial-Train-Multiple-Objects-Windows-10},
}
}